https://cloud.acrobat.com/folder/c7eabbff-5c65-4cc7-bb23-aa59f73767bf
(http://web.gps.caltech.edu/classes/ge131/lectures.html)

http://web.gps.caltech.edu/classes/ge131/notes2016/

%% bertotti etc
http://newton.dm.unipi.it/neodys/
https://www.cfa.harvard.edu/~avanderb/tutorial/tutorial2.html
http://smass.mit.edu/

%photometry
https://www.astro.umd.edu/~ssm/ASTR620/mags.html
http://coolwiki.ipac.caltech.edu/index.php/Filters
http://www.sdss.org/dr12/algorithms/magnitudes/
http://www.gemini.edu/sciops/instruments/mid-ir-resources/mid-ir-observing

%% Tecniche osservative
@article{mallama2017comprehensive,
  title={Comprehensive wide-band magnitudes and albedos for the planets, with applications to exo-planets and Planet Nine},
  author={Mallama, Anthony and Krobusek, Bruce and Pavlov, Hristo},
  journal={Icarus},
  volume={282},
  pages={19--33},
  year={2017},
  publisher={Elsevier},
  keywords={photometry,rev,planets,magnitude,albedo}
}

@misc{draper1971laboratory,
  title={Laboratory},
  author={Draper, Charles Stark},
  year={1971},
  publisher={Inc.:" ACOSS Four},
  keywords={photometry,phase,V10}
}